<record><leader>00000cas a22000007a 4500</leader><controlfield tag="001">9849059</controlfield><controlfield tag="008">830826d18001804nyuwr ne      0    0eng d</controlfield><datafield ind1=" " ind2=" " tag="010"><subfield code="a">sn 83031453 </subfield></datafield><datafield ind1=" " ind2=" " tag="040"><subfield code="a">NPU</subfield><subfield code="b">eng</subfield><subfield code="c">NPU</subfield><subfield code="d">NPX</subfield><subfield code="d">NYS</subfield><subfield code="d">MGN</subfield><subfield code="d">OCL</subfield><subfield code="d">OCLCG</subfield><subfield code="d">OCLCF</subfield><subfield code="d">OCLCO</subfield></datafield><datafield ind1="1" ind2=" " tag="029"><subfield code="a">AU@</subfield><subfield code="b">000020227205</subfield></datafield><datafield ind1=" " ind2=" " tag="042"><subfield code="a">msc</subfield></datafield><datafield ind1="0" ind2=" " tag="130"><subfield code="a">Western constellation (Catskill, N.Y.)</subfield></datafield><datafield ind1="0" ind2="0" tag="245"><subfield code="a">Western constellation.</subfield></datafield><datafield ind1=" " ind2=" " tag="260"><subfield code="a">Catskill, N.Y. :</subfield><subfield code="b">Mackay and Harry Croswell,</subfield><subfield code="c">1800-</subfield></datafield><datafield ind1=" " ind2=" " tag="300"><subfield code="a">v. ;</subfield><subfield code="c">49 cm.</subfield></datafield><datafield ind1=" " ind2=" " tag="310"><subfield code="a">Weekly</subfield></datafield><datafield ind1="0" ind2=" " tag="362"><subfield code="a">Vol. 1, no. 1 (May 26, 1800)-</subfield></datafield><datafield ind1="1" ind2=" " tag="362"><subfield code="a">Ceased in May 1804?</subfield></datafield><datafield ind1=" " ind2=" " tag="500"><subfield code="a">Publishers: Mackay and Harry Croswell, &lt;1800&gt;; Mackay Croswell, &lt;1801&gt;.</subfield></datafield><datafield ind1=" " ind2="0" tag="651"><subfield code="a">Catskill (N.Y.)</subfield><subfield code="v">Newspapers.</subfield></datafield><datafield ind1=" " ind2="7" tag="655"><subfield code="a">Newspapers.</subfield><subfield code="2">fast</subfield><subfield code="0">(OCoLC)fst01423814</subfield></datafield><datafield ind1=" " ind2="7" tag="651"><subfield code="a">New York (State)</subfield><subfield code="z">Catskill.</subfield><subfield code="2">fast</subfield><subfield code="0">(OCoLC)fst01222261</subfield></datafield><datafield ind1="1" ind2=" " tag="700"><subfield code="a">Croswell, Mackay,</subfield><subfield code="d">1769-1847.</subfield></datafield><datafield ind1="1" ind2=" " tag="700"><subfield code="a">Croswell, Harry,</subfield><subfield code="d">1778-1858.</subfield></datafield><datafield ind1=" " ind2=" " tag="752"><subfield code="a">United States</subfield><subfield code="b">New York</subfield><subfield code="c">Greene</subfield><subfield code="d">Catskill.</subfield></datafield><datafield ind1="0" ind2="0" tag="780"><subfield code="t">Packet (Catskill, N.Y.)</subfield><subfield code="w">(DLC)sn 83031454</subfield><subfield code="w">(OCoLC)9849243</subfield></datafield><datafield ind1="0" ind2="0" tag="785"><subfield code="t">Catskill recorder (Catskill, N.Y. : 1804)</subfield><subfield code="w">(DLC)sn 83031455</subfield><subfield code="w">(OCoLC)9849222</subfield></datafield></record>